@article{prahofer_hurnaus_wirth_mossenbock_2007,
	author = {Prahofer, Herbert and Hurnaus, Dominik and Wirth, Christian and Mossenbock, Hanspeter},
	title = {The Domain-Specific Language Monaco and its Visual Interactive Programming Environment},
	date = {2007},
}

@article{chailloux_codognet,
	author = {Chailloux, E. and Codognet, P.},
	title = {Toward visual constraint programming},
}

@article{anlauff_kutter_pierantonio,
	author = {Anlauff, M. and Kutter, P.W. and Pierantonio, A.},
	title = {{Montages/Gem-Mex: a meta visual programming generator}},
}

@article{cox_smedley_garden_mcmanus,
	author = {Cox, P.T. and Smedley, T.J. and Garden, J. and McManus, M.},
	title = {Experiences with visual programming in a specific domain-visual language challenge '96},
}

@article{inayama_hosobe_2018,
	author = {Inayama, Yota and Hosobe, Hiroshi},
	title = {Toward an Efficient User Interface for Block-Based Visual Programming},
}

@article{repenning_2011,
	author = {Repenning, A.},
	title = {Making programming more conversational},
	year = {2011}
}

@article{lv_zhao_tian_zhang_xu_fan_2019,
	author = {Lv, Na and Zhao, Xiuyang and Tian, Jinglan and Zhang, Qianqian and Xu, Meihui and Fan, Xue},
	title = {The application of mixed teaching mode in programming courses},
	year = {2019}
}

@article{isong_ifeoma_gasela_2015,
	author = {Isong, Bassey and Ifeoma, Ohaeri and Gasela, Naison},
	title = {On the Integration of Agile Practices into Teaching: An Approach to Overcoming Teaching and Learning Challenges of Programming},
	year = {2015}
}

@article{saito_washizaki_fukazawa_2015,
	author = {Saito, Daisuke and Washizaki, Hironori and Fukazawa, Yoshiaki},
	title = {Work in progress: A comparison of programming way: Illustration-based programming and text-based programming},
	year = {2010}
}

@article{säljö_2010,
	author = {Säljö, R.},
	title = {Learning in a Sociocultural Perspective},
	year = {2010}
}

@article{tsukamoto_2016,
	author = {Tsukamoto, Hidekuni and Takemura, Yasuhiro and Oomori, Yasumasa and Ikeda, Isamu and Nagumo, Hideo and Monden, Akito and Matsumoto, Ken-ichi},
	title = {Textual vs. Visual Programming Languages in Programming Education for Primary Schoolchildren},
	year = {2016}
}

@article{castillo_de_oca_flores_elizondo_2009,
	author = {Castillo, Jaime F. and de Oca, Carlos Montes and Flores, Efraín Salomón and Elizondo, Perla Velasco},
	title = {Toward an Approach to Programming Education to Produce Qualified Software Developers},
	year = {2009}
}

@article{tsai_yang_chang_2015,
	author = {Tsai, Chia-Yin and Yang, Ya-Fei and Chang, Chih-Kai},
	title = {Cognitive Load Comparison of Traditional and Distributed Pair Programming on Visual Programming Language},
	year = {2015}
}

@article{xiduo_jialin_zhizhen_2020,
	author = {Xiduo, Wang and Jialin, Liu and Zhizhen, Zhang},
	title = {Sustainable C++ Education in General High School: from Teaching Programming Skills to Developing Computational Thinking},
	year = {2020}
}

@article{disalvo_2014,
	author = {DiSalvo, Betsy},
	title = {Graphical Qualities of Educational Technology: Using Drag-and-Drop and Text-Based Programs for Introductory Computer Science},
	year = {2014}
}

@article{mutiawani_juwita_afidh_novitasari_2017,
	author = {Mutiawani, Viska and Juwita and Afidh, Razief Perucha Fauzie and Novitasari, Dwi},
	title = {Implementing problem-solving method in learning programming application},
	year = {2017}
}

@article{ottosson_zaslavskyi_2019,
	author = {Ottosson, Stig and Zaslavskyi, Vladimir},
	title = {Visualize What to Be Coded Before Programming},
	year = {2019}
}

@article{yumi_yuki_tetsuya_2016,
	author = {Yumi, Nishimura and Yuki, Suga and Tetsuya, Ogata.},
	title = {An effective visual programming tool for learning and using robotics middleware},
	year = {2016}
}

@article{anggrawan_ibrahim_m,
	author = {Anggrawan, Anthony and Ibrahim, Nurdin and M., Suyitno and Satria, Christofer},
	title = {Influence of Blended Learning on Learning Result of Algorithm and Programming},
	year = {2016}
}

@article{raja_nagasubramani_2018,
	author = {Raja, R. and Nagasubramani, P. C.},
	title = {Impact of modern technology in education},
	year = {2018}
}

@article{chang_boon_lee,
	author = {Chang Boon Lee, P.},
	title = {Changes in skill requirements of information systems professionals in Singapore},
}

@article{ari_mamatnazarova_2014,
	author = {Chang Boon Lee, P.},
	title = {Programming languages},
	year = {2014}
}

@article{stefik_siebert_slattery_stefik_2011,
	author = {Chang Boon Lee, P.},
	title = {Toward Intuitive Programming Languages},
	year = {2011}
}

@article{da_qian_zhang_kang_zhang,
	author = {Da-Qian Zhang and Kang Zhang},
	title = {On the design of a generic visual programming environment},
}

@article{raiyn_2020,
	author = {Raiyn, Jamal},
	title = {The Role of Visual Learning in Improving Students' High-Order Thinking Skills.},
	year = {2020}
}

@article{thompson_hamilton_rust_2005,
	author = {Thompson, Debora Viana and Hamilton, Rebecca W. and Rust, Roland T.},
	title = {Feature Fatigue: When Product Capabilities Become Too Much of a Good Thing},
	year = {2005}
}

@article{cheng_2016,
	author = {Cheng, Eddie},
	title = {Learning through the Variation Theory: A Case Study},
	year = {2016}
}

@article{huang_shu_chang_huang_lee_huang_liu_2014,
	author = {Huang, Tien-Chi and Shu, Yu and Chang, Shu-Hsuan and Huang, Yan-Zhang and Lee, Sung-Lin and Huang, Yong-Ming and Liu, Chien-Hung},
	title = {Developing a self-regulated oriented online programming teaching and learning system},
	year = {2014},
}

@article{ko_myers_aung_2004,
	author = {Andrew J. Ko and B. A. Myers and H. H. Aung},
	title = {Six Learning Barriers in End-User Programming Systems},
	year = {2004},
}

@article{dao_bøg_2010,
	author = {Dao, Anh Tuan Nguyen and Bøg, Peter Heino},
	title = {End-User Programming},
	year = {2010},
}

@book{norman_2013,
	author = {Don Norman},
	title = {The Design of Everyday Things},
	year = {2013},
}

@article{harrison_2004,
	author = {Harrison, W.},
	title = {From the Editor: The Dangers of End-User Programming},
	year = {2004},
}

@article{abraham_burnett_erwig_2009,
	author = {Abraham, Robin and Burnett, Margaret and Erwig, Martin},
	title = {Spreadsheet Programming},
	year = {2009},
}

@article{ousterhout_1998,
	author = {Ousterhout, J.K.},
	title = {Scripting: higher level programming for the 21st Century},
	year = {1998},
}

@article{juha_sorva_2012,
	author={Sorva, Juha},
	title={Visual Program Simulation In Introductory Programming Education},
	year={2012},
}

@article{maloney_resnick_rusk_silverman_eastmond_2010,
	author={Maloney, John and Resnick, Mitchel and Rusk, Natalie and Silverman, Brian and Eastmond, Evelyn},
	title={The Scratch Programming Language and Environment},
	year={2010},
}

@article{williams_alafghani_daley_gregory_rydzewski_2015,
	author={Williams, Chad and Alafghani, Emtethal and Daley, Antony and Gregory, Kevin and Rydzewski, Marianella},
	title={Teaching programming concepts to elementary students},
	year={2015},
}

@article{armoni_2015,
	author = {Armoni, Michal and Meerbaum-Salant, Orni and Ben-Ari, Mordechai},
	title = {From Scratch to “Real” Programming},
	year = {2015},
}

@article{daisuke_2017,
	title = {Analysis of the learning effects between text-based and visual-based beginner programming environments},
	author = {Daisuke Saito and Hironori Washizaki and Yoshiaki Fukazawa},
	year = {2017}
}

@misc{remi_2015,
	author = {Craft.ai, Remi D.},
	title = {The Maturity of Visual Programming},
	url = {https://www.craft.ai/blog/the-maturity-of-visual-programming},
	year = {2015},
}

@article{abe_fukawa_tanaka_2019,
	author = {Abe, Kousuke and Fukawa, Yuki and Tanaka, Tetsuo},
	title = {Prototype of Visual Programming Environment for C Language Novice Programmer},
	year = {2019},
}

@article{bau_gray_kelleher_sheldon_turbak_2017,
	author = {Bau, David and Gray, Jeff and Kelleher, Caitlin and Sheldon, Josh and Turbak, Franklyn},
	title = {Learnable programming},
	year = {2017},
}

@article{liu_wu_dong_2010,
	author = {Liu, Yubin and Wu, Li and Dong, Xinfa},
	title = {Research on Controls-Based Visual Programming},
	year = {2010},
}

@article{alam_bush_2016,
	author = {Alam, Abu and Bush, Vicky},
	title = {HASKEU: An editor to support visual and textual programming in tandem},
	year = {2016},
}

@article{prokhorov_kosarev,
	author = {Prokhorov, V.V. and Kosarev, V.V.},
	title = {Environment piJ for visual programming in Java},
	year = {1999},
}

@article{repenning_2017,
	author = {Repenning, Alexander},
	title = {Moving Beyond Syntax: Lessons from 20 Years of Blocks Programming in AgentSheets},
	year = {2017},
}

@article{carter_and_jenkins,
	author = {Carter, Janet and Jenkins, Tony},
	title = {Gender and Programming: What's Going On?},
	year = {1999},
}

@article{robins_2003,
	author = {Anthony Robins and Janet Rountree and Nathan Rountree},
	title = {Learning and teaching programming: A review and discussion},
	year = {2003},
}

@article{linn_dalbey,
	author = {Marcia C. Linn and John  Dalbey},
	title = {Cognitive consequences of Programming Instruction: Instruction, Access, and Ability},
	year = {1985},
}

@article{mccraken_2001,
	author = {McCracken, Michael and Almstrum, Vicki and Diaz, Danny and Guzdial, Mark and Hagan, Dianne and Kolikant, Yifat Ben-David and Laxer, Cary and Thomas, Lynda and Utting, Ian and Wilusz, Tadeusz},
	title = {A Multi-National, Multi-Institutional Study of Assessment of Programming Skills of First-Year CS Students},
	year = {2001},
}

@article{lister_2009,
	author = {Lister, Raymond and Clear, Tony and Simon and Bouvier, Dennis J. and Carter, Paul and Eckerdal, Anna and Jacková, Jana and Lopez, Mike and McCartney, Robert and Robbins, Phil et al.},
	title = {Naturally occurring data as research instrument},
	year = {2009},
}

@article{lister_2004,
	author = {Raymond Lister},
	title = {Teaching Java First: Experiments with a Pigs-Early Pedagogy},
	year = {2004},
}

@article{adelson_soloway,
	author = {B. Adelson and E. Soloway},
	title = {The Role of Domain Expenence in Software Design},
	year = {1985},
}

@article{kaczmarczyk,
	author = {Kaczmarczyk, Lisa C. and Petrick, Elizabeth R. and East, J. Philip and Herman, Geoffrey L.},
	title = {Identifying Student Misconceptions of Programming},
	year = {2010},
}

@article{corney_2011,
	author = {Corney, Malcolm and Lister, Raymond and Teague, Donna},
	title = {Early Relational Reasoning and the Novice Programmer: Swapping as the "Hello World" of Relational Reasoning},
	year = {2011},
}

@article{joana_2012,
	author = {Joana Geraldi and Thomas Lechter},
	title = {Gantt Charts revisited: A critical analysis of its roots and implications to the management of projects today},
	year = {2012},
}

@article{lange_klemmt_weigert_2009,
	author = {Lange, Jan and Klemmt, Andreas and Weigert, Gerald},
	title = {Generic visualization of technological process flows},
	year = {2009},
}

@misc{coates_2018,
	author = {Coates, Peter},
	title = {Haxe — The Coolest Language You've Never Heard Of - DZone Integration},
	year = {2018},
	url = {https://dzone.com/articles/haxe-the-coolest-language-youve-never-heard-of},
}

@misc{haxe_2020,
	author = {Nicolas Cannasse},
	title = {Haxe - The Cross-Platform Toolkit},
	year = {2020},
	url = {https://haxe.org},
}

@article{coccia_2017,
	author = {Mario Coccia},
	year = {2017},
	title = {The Fishbone diagram to identify, systematize and analyze the sources of general purpose technologies},
}

@article{geraldi_lechter_2012,
	author = {Geraldi, Joana and Lechter, Thomas},
	year = {2012},
	title = {Gantt charts revisited},
}

@article{hughes_2016,
	author = {Hughes, Ralph},
	year = {2016},
	title = {Artifacts for the Enterprise Requirements Value Chain},
}

@article{joo_2017,
	author = {H. Joo},
	year = {2017},
	title = {A study on understanding of UI and UX, and understanding of design according to user interface change},
}

@article{arwa_2016,
	author = {Arwa Aleryani},
	year = {2016},
	title = {Comparative Study between Data Flow Diagram and Use Case Diagram},
}

@article{tan_2019,
	author = {P. Tan and C. Ting and S. Ling},
	year = {2009},
	title = {Learning Difficulties in Programming Courses: Undergraduates' Perspective and Perception}
}

@article{rook_1986,
	author = {P. Rook},
	year = {1986},
	title = {Controlling software projects},
}

@article{iso_2015,
	author = {{ISO/IEC JTC 1/SC 7 Software and systems engineering}},
	year = {2015},
	title = {{ISO/IEC/IEEE 29119-4:2015 Software and systems engineering — Software testing — Part 4: Test techniques}},
}


@article{codemonkey_2020,
	author = {Rotem Israel-Fishelson and Arnon Hershkovitz},
	title = {Persistence in a Game-Based Learning Environment: The Case of Elementary School Students Learning Computational Thinking},
	journal = {Journal of Educational Computing Research},
	year = {2020},
}

@article{dicerbo_2016,
	author = {DiCerbo, Kristen E.},
	title = {Assessment of Task Persistence},
	journal = {Handbook of Research on Technology Tools for Real-World Skill Development},
	year = {2016},
}

@article{ishida_2002,
	title = {Factors influencing mathematical problem-solving achievement of seventh grade Turkish students},
	journal = {Learning and Individual Differences},
	year = {2013},
	author = {Bulent Guven and Buket Ozum Cabakcor},
}
